@inproceedings{Bai:2009:SVV:1614269.1614278,
 author = {Bai, Fan and Krishnamachari, Bhaskar},
 title = {Spatio-temporal variations of vehicle traffic in VANETs: facts and implications},
 booktitle = {Proceedings of the sixth ACM international workshop on VehiculAr InterNETworking},
 series = {VANET '09},
 year = {2009},
 isbn = {978-1-60558-737-0},
 location = {Beijing, China},
 pages = {43--52},
 numpages = {10},
 url = {http://doi.acm.org/10.1145/1614269.1614278},
 doi = {http://doi.acm.org/10.1145/1614269.1614278},
 acmid = {1614278},
 publisher = {ACM},
 address = {New York, NY, USA},
 keywords = {VANET, information dissemination, spatio-temporal variation},
} 
@article{Stanica2011,
author = {Stanica, R  and Chaput, E  and  Beylot, A},
title = {Simulation of vehicular ad-hoc networks: Challenges, review of tools and recommendations},
journal = {Computer Networks},
year = {2011},
}